<record><leader>00000cas a22000007a 4500</leader><controlfield tag="001">13519241</controlfield><controlfield tag="008">860502d187u1900pauir ne      0    0eng d</controlfield><datafield ind1=" " ind2=" " tag="010"><subfield code="a">sn 86083209 </subfield></datafield><datafield ind1=" " ind2=" " tag="040"><subfield code="a">NPH</subfield><subfield code="b">eng</subfield><subfield code="c">NPH</subfield><subfield code="d">NPX</subfield><subfield code="d">MGN</subfield><subfield code="d">OCLCQ</subfield></datafield><datafield ind1=" " ind2=" " tag="042"><subfield code="a">msc</subfield></datafield><datafield ind1="0" ind2="4" tag="245"><subfield code="a">The Tamaqua courier.</subfield></datafield><datafield ind1=" " ind2=" " tag="260"><subfield code="a">Tamaqua, Pa. :</subfield><subfield code="b">Eveland &amp; Harris</subfield></datafield><datafield ind1=" " ind2=" " tag="300"><subfield code="a">v.</subfield></datafield><datafield ind1=" " ind2=" " tag="310"><subfield code="a">Triweekly,</subfield><subfield code="b">&lt;1894-1900&gt;</subfield></datafield><datafield ind1=" " ind2=" " tag="321"><subfield code="a">Weekly,</subfield><subfield code="b">&lt;1874-1892&gt;</subfield></datafield><datafield ind1="1" ind2=" " tag="362"><subfield code="a">Ceased in 1900?</subfield></datafield><datafield ind1=" " ind2=" " tag="500"><subfield code="a">Publishers: M.E. Daniel and Robert Harris, &lt;1874&gt;.</subfield></datafield><datafield ind1=" " ind2=" " tag="588"><subfield code="a">Description based on: Vol. 5, no. 9 (Feb. 28, 1874).</subfield></datafield><datafield ind1=" " ind2=" " tag="752"><subfield code="a">United States</subfield><subfield code="b">Pennsylvania</subfield><subfield code="c">Schuylkill</subfield><subfield code="d">Tamaqua.</subfield></datafield><datafield ind1="0" ind2="0" tag="780"><subfield code="t">Saturday courier (Tamaqua, Pa.)</subfield></datafield><datafield ind1="0" ind2="5" tag="780"><subfield code="t">Anthracite monitor</subfield><subfield code="g">1875</subfield><subfield code="w">(DLC)sn 86081169</subfield></datafield><datafield ind1="0" ind2="0" tag="785"><subfield code="t">Evening courier (Tamaqua, Pa.)</subfield><subfield code="w">(DLC)sn 86081938</subfield></datafield></record>